%YAML 1.1
%TAG !u! tag:unity3d.com,2011:
--- !u!1 &4003925226537931562
GameObject:
  m_ObjectHideFlags: 0
  m_CorrespondingSourceObject: {fileID: 0}
  m_PrefabInstance: {fileID: 0}
  m_PrefabAsset: {fileID: 0}
  serializedVersion: 6
  m_Component:
  - component: {fileID: 8818583019036170637}
  - component: {fileID: 6824737119742612287}
  m_Layer: 0
  m_Name: highlight
  m_TagString: Untagged
  m_Icon: {fileID: 0}
  m_NavMeshLayer: 0
  m_StaticEditorFlags: 0
  m_IsActive: 0
--- !u!4 &8818583019036170637
Transform:
  m_ObjectHideFlags: 0
  m_CorrespondingSourceObject: {fileID: 0}
  m_PrefabInstance: {fileID: 0}
  m_PrefabAsset: {fileID: 0}
  m_GameObject: {fileID: 4003925226537931562}
  m_LocalRotation: {x: -0, y: -0, z: -0, w: 1}
  m_LocalPosition: {x: 0.01, y: 0.005, z: 0}
  m_LocalScale: {x: 1, y: 1, z: 1}
  m_Children: []
  m_Father: {fileID: 8854827223088273337}
  m_RootOrder: 0
  m_LocalEulerAnglesHint: {x: 0, y: 0, z: 0}
--- !u!212 &6824737119742612287
SpriteRenderer:
  m_ObjectHideFlags: 0
  m_CorrespondingSourceObject: {fileID: 0}
  m_PrefabInstance: {fileID: 0}
  m_PrefabAsset: {fileID: 0}
  m_GameObject: {fileID: 4003925226537931562}
  m_Enabled: 1
  m_CastShadows: 0
  m_ReceiveShadows: 0
  m_DynamicOccludee: 1
  m_MotionVectors: 1
  m_LightProbeUsage: 1
  m_ReflectionProbeUsage: 1
  m_RenderingLayerMask: 1
  m_RendererPriority: 0
  m_Materials:
  - {fileID: 10754, guid: 0000000000000000f000000000000000, type: 0}
  m_StaticBatchInfo:
    firstSubMesh: 0
    subMeshCount: 0
  m_StaticBatchRoot: {fileID: 0}
  m_ProbeAnchor: {fileID: 0}
  m_LightProbeVolumeOverride: {fileID: 0}
  m_ScaleInLightmap: 1
  m_ReceiveGI: 1
  m_PreserveUVs: 0
  m_IgnoreNormalsForChartDetection: 0
  m_ImportantGI: 0
  m_StitchLightmapSeams: 1
  m_SelectedEditorRenderState: 0
  m_MinimumChartSize: 4
  m_AutoUVMaxDistance: 0.5
  m_AutoUVMaxAngle: 89
  m_LightmapParameters: {fileID: 0}
  m_SortingLayerID: 0
  m_SortingLayer: 0
  m_SortingOrder: 1
  m_Sprite: {fileID: 21300000, guid: 43fd26db5ae38b546a565984b4385cea, type: 3}
  m_Color: {r: 1, g: 1, b: 1, a: 1}
  m_FlipX: 0
  m_FlipY: 0
  m_DrawMode: 0
  m_Size: {x: 2.56, y: 2.56}
  m_AdaptiveModeThreshold: 0.5
  m_SpriteTileMode: 0
  m_WasSpriteAssigned: 1
  m_MaskInteraction: 0
  m_SpriteSortPoint: 0
--- !u!1 &8854827223088273336
GameObject:
  m_ObjectHideFlags: 0
  m_CorrespondingSourceObject: {fileID: 0}
  m_PrefabInstance: {fileID: 0}
  m_PrefabAsset: {fileID: 0}
  serializedVersion: 6
  m_Component:
  - component: {fileID: 8854827223088273337}
  - component: {fileID: 8854827223088273339}
  - component: {fileID: 6888324699396875987}
  m_Layer: 0
  m_Name: sofa03
  m_TagString: Untagged
  m_Icon: {fileID: 0}
  m_NavMeshLayer: 0
  m_StaticEditorFlags: 0
  m_IsActive: 1
--- !u!4 &8854827223088273337
Transform:
  m_ObjectHideFlags: 0
  m_CorrespondingSourceObject: {fileID: 0}
  m_PrefabInstance: {fileID: 0}
  m_PrefabAsset: {fileID: 0}
  m_GameObject: {fileID: 8854827223088273336}
  m_LocalRotation: {x: -0, y: -0, z: -0, w: 1}
  m_LocalPosition: {x: -2.965, y: 0.618, z: 0.2542553}
  m_LocalScale: {x: 1, y: 1, z: 1}
  m_Children:
  - {fileID: 8818583019036170637}
  - {fileID: 2785994288833022698}
  m_Father: {fileID: 0}
  m_RootOrder: 0
  m_LocalEulerAnglesHint: {x: 0, y: 0, z: 0}
--- !u!212 &8854827223088273339
SpriteRenderer:
  m_ObjectHideFlags: 0
  m_CorrespondingSourceObject: {fileID: 0}
  m_PrefabInstance: {fileID: 0}
  m_PrefabAsset: {fileID: 0}
  m_GameObject: {fileID: 8854827223088273336}
  m_Enabled: 1
  m_CastShadows: 0
  m_ReceiveShadows: 0
  m_DynamicOccludee: 1
  m_MotionVectors: 1
  m_LightProbeUsage: 1
  m_ReflectionProbeUsage: 1
  m_RenderingLayerMask: 1
  m_RendererPriority: 0
  m_Materials:
  - {fileID: 10754, guid: 0000000000000000f000000000000000, type: 0}
  m_StaticBatchInfo:
    firstSubMesh: 0
    subMeshCount: 0
  m_StaticBatchRoot: {fileID: 0}
  m_ProbeAnchor: {fileID: 0}
  m_LightProbeVolumeOverride: {fileID: 0}
  m_ScaleInLightmap: 1
  m_ReceiveGI: 1
  m_PreserveUVs: 0
  m_IgnoreNormalsForChartDetection: 0
  m_ImportantGI: 0
  m_StitchLightmapSeams: 1
  m_SelectedEditorRenderState: 0
  m_MinimumChartSize: 4
  m_AutoUVMaxDistance: 0.5
  m_AutoUVMaxAngle: 89
  m_LightmapParameters: {fileID: 0}
  m_SortingLayerID: 0
  m_SortingLayer: 0
  m_SortingOrder: 1
  m_Sprite: {fileID: 21300000, guid: bc1e6d1d5aec5c947bc2ff37acf88e79, type: 3}
  m_Color: {r: 1, g: 1, b: 1, a: 1}
  m_FlipX: 0
  m_FlipY: 0
  m_DrawMode: 0
  m_Size: {x: 2.56, y: 2.56}
  m_AdaptiveModeThreshold: 0.5
  m_SpriteTileMode: 0
  m_WasSpriteAssigned: 1
  m_MaskInteraction: 0
  m_SpriteSortPoint: 0
--- !u!60 &6888324699396875987
PolygonCollider2D:
  m_ObjectHideFlags: 0
  m_CorrespondingSourceObject: {fileID: 0}
  m_PrefabInstance: {fileID: 0}
  m_PrefabAsset: {fileID: 0}
  m_GameObject: {fileID: 8854827223088273336}
  m_Enabled: 1
  m_Density: 1
  m_Material: {fileID: 0}
  m_IsTrigger: 0
  m_UsedByEffector: 0
  m_UsedByComposite: 0
  m_Offset: {x: 0, y: 0}
  m_SpriteTilingProperty:
    border: {x: 0, y: 0, z: 0, w: 0}
    pivot: {x: 0.5, y: 0.5}
    oldSize: {x: 1.4222223, y: 1.4222223}
    newSize: {x: 2.56, y: 2.56}
    adaptiveTilingThreshold: 0.5
    drawMode: 0
    adaptiveTiling: 0
  m_AutoTiling: 0
  m_Points:
    m_Paths:
    - - {x: 0.24444444, y: -0.16666667}
      - {x: 0.26666668, y: -0.14444445}
      - {x: 0.26666668, y: 0.12222222}
      - {x: 0.22777778, y: 0.16111112}
      - {x: 0.18333334, y: 0.18333334}
      - {x: 0.022222223, y: 0.25555557}
      - {x: 0.022222223, y: 0.35555556}
      - {x: 0.011111111, y: 0.36666667}
      - {x: -0.011111111, y: 0.37777779}
      - {x: -0.055555556, y: 0.37777779}
      - {x: -0.083333336, y: 0.36666667}
      - {x: -0.12777779, y: 0.34444445}
      - {x: -0.34444445, y: 0.23333333}
      - {x: -0.36666667, y: 0.21111111}
      - {x: -0.36666667, y: -0.17777778}
      - {x: -0.32777777, y: -0.21666667}
      - {x: -0.28333333, y: -0.23888889}
      - {x: -0.14444445, y: -0.3}
      - {x: -0.11111111, y: -0.32222223}
      - {x: -0.06666667, y: -0.32222223}
      - {x: -0.03888889, y: -0.31111112}
      - {x: 0.027777778, y: -0.28333333}
      - {x: 0.072222225, y: -0.25555557}
--- !u!1001 &9018843254061391926
PrefabInstance:
  m_ObjectHideFlags: 0
  serializedVersion: 2
  m_Modification:
    m_TransformParent: {fileID: 8854827223088273337}
    m_Modifications:
    - target: {fileID: 4272779450655430573, guid: 11e0cc13d52d81b4aa72b2e1c9a5e8c7,
        type: 3}
      propertyPath: m_Name
      value: triggerhighlight
      objectReference: {fileID: 0}
    - target: {fileID: 6593420679350659804, guid: 11e0cc13d52d81b4aa72b2e1c9a5e8c7,
        type: 3}
      propertyPath: m_LocalPosition.x
      value: 0.073
      objectReference: {fileID: 0}
    - target: {fileID: 6593420679350659804, guid: 11e0cc13d52d81b4aa72b2e1c9a5e8c7,
        type: 3}
      propertyPath: m_LocalPosition.y
      value: -0.071
      objectReference: {fileID: 0}
    - target: {fileID: 6593420679350659804, guid: 11e0cc13d52d81b4aa72b2e1c9a5e8c7,
        type: 3}
      propertyPath: m_LocalPosition.z
      value: -0.997774
      objectReference: {fileID: 0}
    - target: {fileID: 6593420679350659804, guid: 11e0cc13d52d81b4aa72b2e1c9a5e8c7,
        type: 3}
      propertyPath: m_LocalRotation.x
      value: -0
      objectReference: {fileID: 0}
    - target: {fileID: 6593420679350659804, guid: 11e0cc13d52d81b4aa72b2e1c9a5e8c7,
        type: 3}
      propertyPath: m_LocalRotation.y
      value: -0
      objectReference: {fileID: 0}
    - target: {fileID: 6593420679350659804, guid: 11e0cc13d52d81b4aa72b2e1c9a5e8c7,
        type: 3}
      propertyPath: m_LocalRotation.z
      value: -0
      objectReference: {fileID: 0}
    - target: {fileID: 6593420679350659804, guid: 11e0cc13d52d81b4aa72b2e1c9a5e8c7,
        type: 3}
      propertyPath: m_LocalRotation.w
      value: 1
      objectReference: {fileID: 0}
    - target: {fileID: 6593420679350659804, guid: 11e0cc13d52d81b4aa72b2e1c9a5e8c7,
        type: 3}
      propertyPath: m_RootOrder
      value: 1
      objectReference: {fileID: 0}
    - target: {fileID: 6593420679350659804, guid: 11e0cc13d52d81b4aa72b2e1c9a5e8c7,
        type: 3}
      propertyPath: m_LocalEulerAnglesHint.x
      value: 0
      objectReference: {fileID: 0}
    - target: {fileID: 6593420679350659804, guid: 11e0cc13d52d81b4aa72b2e1c9a5e8c7,
        type: 3}
      propertyPath: m_LocalEulerAnglesHint.y
      value: 0
      objectReference: {fileID: 0}
    - target: {fileID: 6593420679350659804, guid: 11e0cc13d52d81b4aa72b2e1c9a5e8c7,
        type: 3}
      propertyPath: m_LocalEulerAnglesHint.z
      value: 0
      objectReference: {fileID: 0}
    - target: {fileID: 6325103467470626295, guid: 11e0cc13d52d81b4aa72b2e1c9a5e8c7,
        type: 3}
      propertyPath: fsm.states.Array.data[0].actionData.fsmOwnerDefaultParams.Array.data[0].gameObject.value
      value: 
      objectReference: {fileID: 4003925226537931562}
    - target: {fileID: 6325103467470626295, guid: 11e0cc13d52d81b4aa72b2e1c9a5e8c7,
        type: 3}
      propertyPath: fsm.states.Array.data[1].actionData.fsmOwnerDefaultParams.Array.data[0].gameObject.value
      value: 
      objectReference: {fileID: 4003925226537931562}
    m_RemovedComponents: []
  m_SourcePrefab: {fileID: 100100000, guid: 11e0cc13d52d81b4aa72b2e1c9a5e8c7, type: 3}
--- !u!4 &2785994288833022698 stripped
Transform:
  m_CorrespondingSourceObject: {fileID: 6593420679350659804, guid: 11e0cc13d52d81b4aa72b2e1c9a5e8c7,
    type: 3}
  m_PrefabInstance: {fileID: 9018843254061391926}
  m_PrefabAsset: {fileID: 0}
